<?xml version="1.0" encoding="UTF-8" ?><marc:collection xmlns:marc="http://www.loc.gov/MARC21/slim" xmlns:xsi="http://www.w3.org/2001/XMLSchema-instance" xsi:schemaLocation="http://www.loc.gov/MARC21/slim http://www.loc.gov/standards/marcxml/schema/MARC21slim.xsd">
<marc:record><marc:leader>01217pam a2200337 x 4500</marc:leader>
<marc:controlfield tag="001">994015553804341</marc:controlfield>
<marc:controlfield tag="005">20161025104332.0</marc:controlfield><marc:controlfield tag="008">980121s1997    enk           0001j eng b</marc:controlfield><marc:datafield tag="015" ind1=" " ind2=" "><marc:subfield code="a">b9746056</marc:subfield></marc:datafield><marc:datafield tag="020" ind1=" " ind2=" "><marc:subfield code="a">0006499627</marc:subfield></marc:datafield><marc:datafield tag="020" ind1="1" ind2="0"><marc:subfield code="a">0006499627</marc:subfield><marc:subfield code="c">m</marc:subfield></marc:datafield><marc:datafield tag="035" ind1=" " ind2=" "><marc:subfield code="9">2155-34360</marc:subfield></marc:datafield><marc:datafield tag="035" ind1=" " ind2=" "><marc:subfield code="a">(StEdNL)401555-nlsdb-Voyager</marc:subfield></marc:datafield><marc:datafield tag="035" ind1=" " ind2=" "><marc:subfield code="a">401555</marc:subfield></marc:datafield><marc:datafield tag="040" ind1="0" ind2="0"><marc:subfield code="a">OX/U-1</marc:subfield></marc:datafield><marc:datafield tag="082" ind1="0" ind2="0"><marc:subfield code="a">823.912</marc:subfield><marc:subfield code="2">21</marc:subfield><marc:subfield code="d">F</marc:subfield></marc:datafield><marc:datafield tag="091" ind1="0" ind2="0"><marc:subfield code="a">O12262549</marc:subfield></marc:datafield><marc:datafield tag="100" ind1="1" ind2=" "><marc:subfield code="a">Christie, Agatha,</marc:subfield><marc:subfield code="d">1890-1976.</marc:subfield></marc:datafield><marc:datafield tag="245" ind1="1" ind2="0"><marc:subfield code="a">Miss Marple :</marc:subfield><marc:subfield code="b">the complete short stories /</marc:subfield><marc:subfield code="c">Agatha Christie.</marc:subfield></marc:datafield><marc:datafield tag="260" ind1=" " ind2=" "><marc:subfield code="a">London :</marc:subfield><marc:subfield code="b">HarperCollins,</marc:subfield><marc:subfield code="c">1997.</marc:subfield></marc:datafield><marc:datafield tag="300" ind1=" " ind2=" "><marc:subfield code="a">viii,359p</marc:subfield><marc:subfield code="c">20cm</marc:subfield><marc:subfield code="e">pbk</marc:subfield></marc:datafield><marc:datafield tag="350" ind1="0" ind2="0"><marc:subfield code="a">£6.99</marc:subfield></marc:datafield><marc:datafield tag="500" ind1=" " ind2=" "><marc:subfield code="a">Stories taken from: The thirteen problems, 1932 - The adventure of the Christmas pudding, 1960 - Miss Marple's final cases, 1979.</marc:subfield></marc:datafield><marc:datafield tag="650" ind1=" " ind2="0"><marc:subfield code="a">Detective and mystery stories, English.</marc:subfield></marc:datafield><marc:datafield tag="650" ind1=" " ind2="0"><marc:subfield code="a">Marple, Jane (Fictitious character)</marc:subfield><marc:subfield code="x">Fiction.</marc:subfield></marc:datafield><marc:datafield tag="650" ind1=" " ind2="0"><marc:subfield code="a">Women detectives</marc:subfield><marc:subfield code="z">England</marc:subfield><marc:subfield code="x">Fiction.</marc:subfield></marc:datafield><marc:datafield tag="700" ind1="1" ind2=" "><marc:subfield code="a">Christie, Agatha,</marc:subfield><marc:subfield code="d">1890-1976.</marc:subfield><marc:subfield code="t">Adventure of the Christmas pudding.</marc:subfield></marc:datafield><marc:datafield tag="700" ind1="1" ind2=" "><marc:subfield code="a">Christie, Agatha,</marc:subfield><marc:subfield code="d">1890-1976.</marc:subfield><marc:subfield code="t">Miss Marple's final cases.</marc:subfield></marc:datafield><marc:datafield tag="700" ind1="1" ind2=" "><marc:subfield code="a">Christie, Agatha,</marc:subfield><marc:subfield code="d">1890-1976.</marc:subfield><marc:subfield code="t">Thirteen problems.</marc:subfield></marc:datafield><marc:datafield tag="955" ind1=" " ind2=" "><marc:subfield code="a">NPB1.98.408</marc:subfield><marc:subfield code="b">NPB</marc:subfield></marc:datafield><marc:datafield tag="956" ind1=" " ind2=" "><marc:subfield code="a">NLS</marc:subfield></marc:datafield></marc:record>