
<marc:record><marc:leader>01237cam a2200313 x 4500</marc:leader>
<marc:controlfield tag="001">994016453804341</marc:controlfield>
<marc:controlfield tag="005">20161025104332.0</marc:controlfield><marc:controlfield tag="008">980121s1997    enk           0001j eng b</marc:controlfield><marc:datafield tag="010" ind1=" " ind2=" "><marc:subfield code="a">b  97059464 </marc:subfield></marc:datafield><marc:datafield tag="015" ind1=" " ind2=" "><marc:subfield code="a">b9759464</marc:subfield></marc:datafield><marc:datafield tag="020" ind1="1" ind2="0"><marc:subfield code="a">0006499597</marc:subfield><marc:subfield code="c">x</marc:subfield><marc:subfield code="c">v.1</marc:subfield><marc:subfield code="c">£8.99</marc:subfield></marc:datafield><marc:datafield tag="020" ind1="1" ind2="0"><marc:subfield code="a">0006499600</marc:subfield><marc:subfield code="c">x</marc:subfield><marc:subfield code="c">v.2</marc:subfield><marc:subfield code="c">£8.99</marc:subfield></marc:datafield><marc:datafield tag="020" ind1="1" ind2="0"><marc:subfield code="a">0006499619</marc:subfield><marc:subfield code="c">x</marc:subfield><marc:subfield code="c">v.3</marc:subfield><marc:subfield code="c">£8.99</marc:subfield></marc:datafield><marc:datafield tag="035" ind1=" " ind2=" "><marc:subfield code="9">2155-43560</marc:subfield></marc:datafield><marc:datafield tag="035" ind1=" " ind2=" "><marc:subfield code="a">(StEdNL)401645-nlsdb-Voyager</marc:subfield></marc:datafield><marc:datafield tag="035" ind1=" " ind2=" "><marc:subfield code="a">401645</marc:subfield></marc:datafield><marc:datafield tag="040" ind1="0" ind2="0"><marc:subfield code="a">OX/U-1</marc:subfield></marc:datafield><marc:datafield tag="082" ind1="0" ind2="0"><marc:subfield code="a">823.912</marc:subfield><marc:subfield code="2">21</marc:subfield><marc:subfield code="d">F</marc:subfield></marc:datafield><marc:datafield tag="100" ind1="1" ind2=" "><marc:subfield code="a">Christie, Agatha,</marc:subfield><marc:subfield code="d">1890-1976.</marc:subfield></marc:datafield><marc:datafield tag="245" ind1="1" ind2="0"><marc:subfield code="a">Miss Marple omnibus /</marc:subfield><marc:subfield code="c">Agatha Christie.</marc:subfield></marc:datafield><marc:datafield tag="260" ind1=" " ind2=" "><marc:subfield code="a">London :</marc:subfield><marc:subfield code="b">HarperCollins,</marc:subfield><marc:subfield code="c">1997.</marc:subfield></marc:datafield><marc:datafield tag="300" ind1=" " ind2=" "><marc:subfield code="f">3</marc:subfield><marc:subfield code="a">717,654,694p</marc:subfield><marc:subfield code="c">20cm</marc:subfield><marc:subfield code="e">pbk</marc:subfield><marc:subfield code="n">v.</marc:subfield></marc:datafield><marc:datafield tag="350" ind1="0" ind2="0"><marc:subfield code="a">No price</marc:subfield></marc:datafield><marc:datafield tag="505" ind1="0" ind2="0"><marc:subfield code="a">v. 1.  The body in the library -- The moving finger -- A murder is announced -- 4.50 from Paddington. v. 2.  A Caribbean mystery -- A pocket full of Rye -- The mirror cracked from side to side -- They do it with mirrors. v. 3.  Nemesis -- Sleeping murder -- At Bertram's hotel -- The murder at the vicarage.</marc:subfield></marc:datafield><marc:datafield tag="650" ind1=" " ind2="0"><marc:subfield code="a">Detective and mystery stories, English.</marc:subfield></marc:datafield><marc:datafield tag="650" ind1=" " ind2="0"><marc:subfield code="a">Marple, Jane (Fictitious character)</marc:subfield><marc:subfield code="x">Fiction.</marc:subfield></marc:datafield><marc:datafield tag="650" ind1=" " ind2="0"><marc:subfield code="a">Women detectives</marc:subfield><marc:subfield code="z">England</marc:subfield><marc:subfield code="x">Fiction.</marc:subfield></marc:datafield><marc:datafield tag="955" ind1=" " ind2=" "><marc:subfield code="a">NPB1.98.404</marc:subfield><marc:subfield code="b">NPB</marc:subfield></marc:datafield><marc:datafield tag="956" ind1=" " ind2=" "><marc:subfield code="a">NLS</marc:subfield></marc:datafield></marc:record>