
<marc:record><marc:leader>01231aam a2200337 a 4500</marc:leader>
<marc:controlfield tag="001">9934433303804341</marc:controlfield>
<marc:controlfield tag="005">20130425101515.0</marc:controlfield><marc:controlfield tag="008">020308r20021953enk           000 1 eng  </marc:controlfield><marc:datafield tag="015" ind1=" " ind2=" "><marc:subfield code="a">GBA2-Y2020</marc:subfield></marc:datafield><marc:datafield tag="016" ind1="7" ind2=" "><marc:subfield code="a">0007120974</marc:subfield><marc:subfield code="2">Uk</marc:subfield></marc:datafield><marc:datafield tag="020" ind1=" " ind2=" "><marc:subfield code="a">0007120974 (pbk.) :</marc:subfield><marc:subfield code="c">£5.99</marc:subfield></marc:datafield><marc:datafield tag="035" ind1=" " ind2=" "><marc:subfield code="a">(StEdNL)3443330-nlsdb-Voyager</marc:subfield></marc:datafield><marc:datafield tag="035" ind1=" " ind2=" "><marc:subfield code="a">(Uk)gb A20Y2020</marc:subfield></marc:datafield><marc:datafield tag="035" ind1=" " ind2=" "><marc:subfield code="a">3443330</marc:subfield></marc:datafield><marc:datafield tag="035" ind1=" " ind2=" "><marc:subfield code="a">671104</marc:subfield></marc:datafield><marc:datafield tag="040" ind1=" " ind2=" "><marc:subfield code="a">BDS</marc:subfield><marc:subfield code="c">BDS</marc:subfield><marc:subfield code="d">Uk</marc:subfield></marc:datafield><marc:datafield tag="082" ind1="0" ind2="4"><marc:subfield code="a">823.912</marc:subfield><marc:subfield code="2">21</marc:subfield></marc:datafield><marc:datafield tag="100" ind1="1" ind2=" "><marc:subfield code="a">Christie, Agatha,</marc:subfield><marc:subfield code="d">1890-1976.</marc:subfield></marc:datafield><marc:datafield tag="245" ind1="1" ind2="2"><marc:subfield code="a">A pocket full of rye /</marc:subfield><marc:subfield code="c">Agatha Christie.</marc:subfield></marc:datafield><marc:datafield tag="260" ind1=" " ind2=" "><marc:subfield code="a">London :</marc:subfield><marc:subfield code="b">HarperCollins,</marc:subfield><marc:subfield code="c">2002, c1953.</marc:subfield></marc:datafield><marc:datafield tag="300" ind1=" " ind2=" "><marc:subfield code="a">317 p. ;</marc:subfield><marc:subfield code="c">18 cm.</marc:subfield></marc:datafield><marc:datafield tag="490" ind1="1" ind2=" "><marc:subfield code="a">Agatha Christie collection. Marple ;</marc:subfield><marc:subfield code="v">7</marc:subfield></marc:datafield><marc:datafield tag="490" ind1="1" ind2=" "><marc:subfield code="a">Agatha Christie signature edition</marc:subfield></marc:datafield><marc:datafield tag="500" ind1=" " ind2=" "><marc:subfield code="a">Originally published: London: Collins, 1953.</marc:subfield></marc:datafield><marc:datafield tag="650" ind1=" " ind2="0"><marc:subfield code="a">Businessmen</marc:subfield><marc:subfield code="z">England</marc:subfield><marc:subfield code="v">Fiction.</marc:subfield></marc:datafield><marc:datafield tag="650" ind1=" " ind2="0"><marc:subfield code="a">Marple, Jane (Fictitious character)</marc:subfield><marc:subfield code="v">Fiction.</marc:subfield></marc:datafield><marc:datafield tag="650" ind1=" " ind2="0"><marc:subfield code="a">Murder</marc:subfield><marc:subfield code="x">Investigation</marc:subfield><marc:subfield code="z">England</marc:subfield><marc:subfield code="v">Fiction.</marc:subfield></marc:datafield><marc:datafield tag="650" ind1=" " ind2="0"><marc:subfield code="a">Women private investigators</marc:subfield><marc:subfield code="z">England</marc:subfield><marc:subfield code="v">Fiction.</marc:subfield></marc:datafield><marc:datafield tag="655" ind1=" " ind2="7"><marc:subfield code="a">Detective and mystery stories.</marc:subfield><marc:subfield code="2">lcsh</marc:subfield></marc:datafield><marc:datafield tag="800" ind1="1" ind2=" "><marc:subfield code="a">Christie, Agatha,</marc:subfield><marc:subfield code="d">1890-1976.</marc:subfield><marc:subfield code="t">Agatha Christie collection. Marple ;</marc:subfield><marc:subfield code="v">7.</marc:subfield></marc:datafield><marc:datafield tag="800" ind1="1" ind2=" "><marc:subfield code="a">Christie, Agatha,</marc:subfield><marc:subfield code="d">1890-1976.</marc:subfield><marc:subfield code="t">Agatha Christie signature edition.</marc:subfield></marc:datafield></marc:record>