
<marc:record><marc:leader>00890aam a2200265 a 4500</marc:leader>
<marc:controlfield tag="001">9934842153804341</marc:controlfield>
<marc:controlfield tag="005">20030312120848.0</marc:controlfield><marc:controlfield tag="008">020513r20021965enk           000 1 eng  </marc:controlfield><marc:datafield tag="015" ind1=" " ind2=" "><marc:subfield code="a">GBA2-X0147</marc:subfield></marc:datafield><marc:datafield tag="016" ind1="7" ind2=" "><marc:subfield code="a">0002310015</marc:subfield><marc:subfield code="2">Uk</marc:subfield></marc:datafield><marc:datafield tag="020" ind1=" " ind2=" "><marc:subfield code="a">0002310015 :</marc:subfield><marc:subfield code="c">£16.99</marc:subfield></marc:datafield><marc:datafield tag="035" ind1=" " ind2=" "><marc:subfield code="a">(StEdNL)3484215-nlsdb-Voyager</marc:subfield></marc:datafield><marc:datafield tag="035" ind1=" " ind2=" "><marc:subfield code="a">(Uk)gb A20X0147</marc:subfield></marc:datafield><marc:datafield tag="035" ind1=" " ind2=" "><marc:subfield code="a">696936</marc:subfield></marc:datafield><marc:datafield tag="040" ind1=" " ind2=" "><marc:subfield code="a">BDS</marc:subfield><marc:subfield code="c">BDS</marc:subfield><marc:subfield code="d">Uk</marc:subfield></marc:datafield><marc:datafield tag="082" ind1="0" ind2="4"><marc:subfield code="a">823.912</marc:subfield><marc:subfield code="2">21</marc:subfield></marc:datafield><marc:datafield tag="100" ind1="1" ind2=" "><marc:subfield code="a">Christie, Agatha,</marc:subfield><marc:subfield code="d">1890-1976.</marc:subfield></marc:datafield><marc:datafield tag="245" ind1="1" ind2="0"><marc:subfield code="a">At Bertram's hotel /</marc:subfield><marc:subfield code="c">Agatha Christie.</marc:subfield></marc:datafield><marc:datafield tag="260" ind1=" " ind2=" "><marc:subfield code="a">London :</marc:subfield><marc:subfield code="b">HarperCollins,</marc:subfield><marc:subfield code="c">2002, c1965.</marc:subfield></marc:datafield><marc:datafield tag="300" ind1=" " ind2=" "><marc:subfield code="a">223 p. ;</marc:subfield><marc:subfield code="c">22 cm.</marc:subfield></marc:datafield><marc:datafield tag="490" ind1="1" ind2=" "><marc:subfield code="a">The Agatha Christie collection ;</marc:subfield><marc:subfield code="v">66</marc:subfield></marc:datafield><marc:datafield tag="500" ind1=" " ind2=" "><marc:subfield code="a">Originally published: London: Collins, 1965.</marc:subfield></marc:datafield><marc:datafield tag="650" ind1=" " ind2="0"><marc:subfield code="a">Marple, Jane (Fictitious character)</marc:subfield><marc:subfield code="v">Fiction.</marc:subfield></marc:datafield><marc:datafield tag="655" ind1=" " ind2="7"><marc:subfield code="a">Detective and mystery stories.</marc:subfield><marc:subfield code="2">lcsh</marc:subfield></marc:datafield><marc:datafield tag="800" ind1="1" ind2=" "><marc:subfield code="a">Christie, Agatha,</marc:subfield><marc:subfield code="d">1890-1976.</marc:subfield><marc:subfield code="t">Agatha Christie collection ;</marc:subfield><marc:subfield code="v">66.</marc:subfield></marc:datafield></marc:record>