
<marc:record><marc:leader>02802aam a22006251a 4500</marc:leader>
<marc:controlfield tag="001">99116532894804341</marc:controlfield>
<marc:controlfield tag="005">20220711170045.0</marc:controlfield><marc:controlfield tag="006">m    ||  d |      </marc:controlfield><marc:controlfield tag="007">cr |||||||||||</marc:controlfield><marc:controlfield tag="008">110324s2010    enk     o     000 f eng d</marc:controlfield><marc:datafield tag="015" ind1=" " ind2=" "><marc:subfield code="a">GBC2C0536</marc:subfield><marc:subfield code="2">bnb</marc:subfield></marc:datafield><marc:datafield tag="020" ind1=" " ind2=" "><marc:subfield code="a">0007422709</marc:subfield><marc:subfield code="q">(electronic bk.)</marc:subfield></marc:datafield><marc:datafield tag="020" ind1=" " ind2=" "><marc:subfield code="a">9780007422708</marc:subfield><marc:subfield code="q">(electronic bk.)</marc:subfield></marc:datafield><marc:datafield tag="020" ind1=" " ind2=" "><marc:subfield code="z">0007120974</marc:subfield></marc:datafield><marc:datafield tag="020" ind1=" " ind2=" "><marc:subfield code="z">9780007120970</marc:subfield></marc:datafield><marc:datafield tag="035" ind1=" " ind2=" "><marc:subfield code="a">(Uk)020656438</marc:subfield></marc:datafield><marc:datafield tag="035" ind1=" " ind2=" "><marc:subfield code="a">oai:ldls.org.uk:020656438</marc:subfield></marc:datafield><marc:datafield tag="037" ind1=" " ind2=" "><marc:subfield code="a">uk.co.harpercollins.063400</marc:subfield><marc:subfield code="b">Ingram Content Group</marc:subfield></marc:datafield><marc:datafield tag="040" ind1=" " ind2=" "><marc:subfield code="a">TEFOD</marc:subfield><marc:subfield code="b">eng</marc:subfield><marc:subfield code="c">TEFOD</marc:subfield><marc:subfield code="d">OCLCA</marc:subfield><marc:subfield code="d">OCLCQ</marc:subfield><marc:subfield code="d">OCLCO</marc:subfield><marc:subfield code="d">TEFOD</marc:subfield><marc:subfield code="d">OCLCQ</marc:subfield><marc:subfield code="d">OCLCF</marc:subfield><marc:subfield code="d">OCLCO</marc:subfield><marc:subfield code="d">OCLCQ</marc:subfield><marc:subfield code="d">OCLCA</marc:subfield><marc:subfield code="d">OCL</marc:subfield><marc:subfield code="d">OCLCQ</marc:subfield><marc:subfield code="d">OCLCO</marc:subfield><marc:subfield code="d">Uk</marc:subfield><marc:subfield code="e">pn</marc:subfield><marc:subfield code="d">StEdNL</marc:subfield></marc:datafield><marc:datafield tag="042" ind1=" " ind2=" "><marc:subfield code="a">ukblsr</marc:subfield></marc:datafield><marc:datafield tag="072" ind1=" " ind2="7"><marc:subfield code="a">FC</marc:subfield><marc:subfield code="2">bicssc</marc:subfield></marc:datafield><marc:datafield tag="072" ind1=" " ind2="7"><marc:subfield code="a">FIC</marc:subfield><marc:subfield code="x">022040</marc:subfield><marc:subfield code="2">bisacsh</marc:subfield></marc:datafield><marc:datafield tag="072" ind1=" " ind2="7"><marc:subfield code="a">FIC</marc:subfield><marc:subfield code="x">022100</marc:subfield><marc:subfield code="2">bisacsh</marc:subfield></marc:datafield><marc:datafield tag="072" ind1=" " ind2="7"><marc:subfield code="a">FIC</marc:subfield><marc:subfield code="x">030000</marc:subfield><marc:subfield code="2">bisacsh</marc:subfield></marc:datafield><marc:datafield tag="072" ind1=" " ind2="7"><marc:subfield code="a">FIC</marc:subfield><marc:subfield code="x">031010</marc:subfield><marc:subfield code="2">bisacsh</marc:subfield></marc:datafield><marc:datafield tag="100" ind1="1" ind2=" "><marc:subfield code="a">Christie, Agatha,</marc:subfield><marc:subfield code="d">1890-1976.</marc:subfield></marc:datafield><marc:datafield tag="245" ind1="1" ind2="2"><marc:subfield code="a">A pocket full of rye /</marc:subfield><marc:subfield code="c">Agatha Christie.</marc:subfield></marc:datafield><marc:datafield tag="260" ind1=" " ind2=" "><marc:subfield code="a">London :</marc:subfield><marc:subfield code="b">HarperCollins,</marc:subfield><marc:subfield code="c">2010.</marc:subfield></marc:datafield><marc:datafield tag="300" ind1=" " ind2=" "><marc:subfield code="a">1 online resource.</marc:subfield></marc:datafield><marc:datafield tag="336" ind1=" " ind2=" "><marc:subfield code="a">text</marc:subfield><marc:subfield code="2">rdacontent</marc:subfield></marc:datafield><marc:datafield tag="337" ind1=" " ind2=" "><marc:subfield code="a">computer</marc:subfield><marc:subfield code="2">rdamedia</marc:subfield></marc:datafield><marc:datafield tag="338" ind1=" " ind2=" "><marc:subfield code="a">online resource</marc:subfield><marc:subfield code="2">rdacarrier</marc:subfield></marc:datafield><marc:datafield tag="490" ind1="1" ind2=" "><marc:subfield code="a">Agatha Christie signature edition</marc:subfield></marc:datafield><marc:datafield tag="490" ind1="1" ind2=" "><marc:subfield code="a">The Agatha Christie collection. Marple ;</marc:subfield><marc:subfield code="v">7</marc:subfield></marc:datafield><marc:datafield tag="540" ind1=" " ind2=" "><marc:subfield code="a">Restricted: Printing from this resource is governed by The Legal Deposit Libraries (Non-Print Works) Regulations (UK) and UK copyright law currently in force.</marc:subfield><marc:subfield code="5">Uk</marc:subfield></marc:datafield><marc:datafield tag="600" ind1="1" ind2="0"><marc:subfield code="a">Marple, Jane</marc:subfield><marc:subfield code="c">(Fictitious character)</marc:subfield><marc:subfield code="v">Fiction.</marc:subfield></marc:datafield><marc:datafield tag="600" ind1="1" ind2="7"><marc:subfield code="a">Marple, Jane</marc:subfield><marc:subfield code="c">(Fictitious character)</marc:subfield><marc:subfield code="2">fast</marc:subfield><marc:subfield code="0">(OCoLC)fst01010416</marc:subfield></marc:datafield><marc:datafield tag="650" ind1=" " ind2="0"><marc:subfield code="a">Businessmen</marc:subfield><marc:subfield code="z">England</marc:subfield><marc:subfield code="v">Fiction.</marc:subfield></marc:datafield><marc:datafield tag="650" ind1=" " ind2="0"><marc:subfield code="a">Murder</marc:subfield><marc:subfield code="x">Investigation</marc:subfield><marc:subfield code="z">England</marc:subfield><marc:subfield code="v">Fiction.</marc:subfield></marc:datafield><marc:datafield tag="650" ind1=" " ind2="0"><marc:subfield code="a">Women private investigators</marc:subfield><marc:subfield code="z">England</marc:subfield><marc:subfield code="v">Fiction.</marc:subfield></marc:datafield><marc:datafield tag="650" ind1=" " ind2="6"><marc:subfield code="a">Femmes détectives</marc:subfield><marc:subfield code="z">Angleterre</marc:subfield><marc:subfield code="v">Romans, nouvelles, etc.</marc:subfield></marc:datafield><marc:datafield tag="650" ind1=" " ind2="6"><marc:subfield code="a">Hommes d'affaires</marc:subfield><marc:subfield code="z">Angleterre</marc:subfield><marc:subfield code="v">Romans, nouvelles, etc.</marc:subfield></marc:datafield><marc:datafield tag="650" ind1=" " ind2="6"><marc:subfield code="a">Meurtre</marc:subfield><marc:subfield code="x">Enquêtes</marc:subfield><marc:subfield code="z">Angleterre</marc:subfield><marc:subfield code="v">Romans, nouvelles, etc.</marc:subfield></marc:datafield><marc:datafield tag="650" ind1=" " ind2="7"><marc:subfield code="a">Businessmen.</marc:subfield><marc:subfield code="2">fast</marc:subfield><marc:subfield code="0">(OCoLC)fst00842951</marc:subfield></marc:datafield><marc:datafield tag="650" ind1=" " ind2="7"><marc:subfield code="a">Murder</marc:subfield><marc:subfield code="x">Investigation.</marc:subfield><marc:subfield code="2">fast</marc:subfield><marc:subfield code="0">(OCoLC)fst01029788</marc:subfield></marc:datafield><marc:datafield tag="650" ind1=" " ind2="7"><marc:subfield code="a">Women private investigators.</marc:subfield><marc:subfield code="2">fast</marc:subfield><marc:subfield code="0">(OCoLC)fst01178427</marc:subfield></marc:datafield><marc:datafield tag="651" ind1=" " ind2="7"><marc:subfield code="a">England.</marc:subfield><marc:subfield code="2">fast</marc:subfield><marc:subfield code="0">(OCoLC)fst01219920</marc:subfield></marc:datafield><marc:datafield tag="655" ind1=" " ind2="0"><marc:subfield code="a">Detective and mystery stories.</marc:subfield></marc:datafield><marc:datafield tag="655" ind1=" " ind2="4"><marc:subfield code="a">Electronic books.</marc:subfield></marc:datafield><marc:datafield tag="655" ind1=" " ind2="7"><marc:subfield code="a">Detective and mystery fiction.</marc:subfield><marc:subfield code="2">fast</marc:subfield><marc:subfield code="0">(OCoLC)fst01726581</marc:subfield></marc:datafield><marc:datafield tag="655" ind1=" " ind2="7"><marc:subfield code="a">Fiction.</marc:subfield><marc:subfield code="2">fast</marc:subfield><marc:subfield code="0">(OCoLC)fst01423787</marc:subfield></marc:datafield><marc:datafield tag="800" ind1="1" ind2=" "><marc:subfield code="a">Christie, Agatha,</marc:subfield><marc:subfield code="d">1890-1976.</marc:subfield><marc:subfield code="t">Agatha Christie collection. Marple ;</marc:subfield><marc:subfield code="v">7.</marc:subfield></marc:datafield><marc:datafield tag="800" ind1="1" ind2=" "><marc:subfield code="a">Christie, Agatha,</marc:subfield><marc:subfield code="d">1890-1976.</marc:subfield><marc:subfield code="t">Agatha Christie signature edition.</marc:subfield></marc:datafield><marc:datafield tag="856" ind1="4" ind2="0"><marc:subfield code="0">ark:/81055/vdc_100152631036.0x000001</marc:subfield><marc:subfield code="a">ark:/81055/vdc_100152630997.0x000001</marc:subfield><marc:subfield code="u">https://nls.ldls.org.uk/welcome.html?ark:/81055/vdc_100152630997.0x000001</marc:subfield><marc:subfield code="z">View item</marc:subfield><marc:subfield code="3">(Electronic Legal Deposit)</marc:subfield></marc:datafield><marc:datafield tag="919" ind1=" " ind2=" "><marc:subfield code="a">ELDEBOOK</marc:subfield></marc:datafield></marc:record>